<record><leader>00000cas a2200000 a 4500</leader><controlfield tag="001">35731282</controlfield><controlfield tag="008">961014d188u1909miuwr ne      0    0eng c</controlfield><datafield ind1=" " ind2=" " tag="010"><subfield code="a">sn 96077148 </subfield></datafield><datafield ind1=" " ind2=" " tag="040"><subfield code="a">MHN</subfield><subfield code="b">eng</subfield><subfield code="c">MHN</subfield><subfield code="d">OCL</subfield><subfield code="d">OCLCQ</subfield><subfield code="d">OCLCF</subfield><subfield code="d">OCLCO</subfield></datafield><datafield ind1="1" ind2=" " tag="029"><subfield code="a">AU@</subfield><subfield code="b">000012911064</subfield></datafield><datafield ind1=" " ind2=" " tag="042"><subfield code="a">pcc</subfield></datafield><datafield ind1=" " ind2=" " tag="043"><subfield code="a">n-us-mi</subfield></datafield><datafield ind1="0" ind2=" " tag="130"><subfield code="a">Lake Odessa wave (Lake Odessa, Mich. : 1889)</subfield></datafield><datafield ind1="1" ind2="0" tag="245"><subfield code="a">Lake Odessa wave.</subfield></datafield><datafield ind1=" " ind2=" " tag="260"><subfield code="a">Lake Odessa, Mich. :</subfield><subfield code="b">H.F. Walker</subfield></datafield><datafield ind1=" " ind2=" " tag="300"><subfield code="a">v.</subfield></datafield><datafield ind1=" " ind2=" " tag="310"><subfield code="a">Weekly,</subfield><subfield code="b">Jan 6, 1893-</subfield></datafield><datafield ind1=" " ind2=" " tag="321"><subfield code="a">Weekly,</subfield><subfield code="b">&lt;July 26, 1889&gt;-Sept. 9, 1892</subfield></datafield><datafield ind1=" " ind2=" " tag="321"><subfield code="a">Semiweekly,</subfield><subfield code="b">Sept. 14, 1892-Dec. 30, 1892</subfield></datafield><datafield ind1="1" ind2=" " tag="362"><subfield code="a">Ceased in 1909?</subfield></datafield><datafield ind1=" " ind2=" " tag="580"><subfield code="a">Merged with: Lake Odessa times, to form: Lake Odessa wave-times.</subfield></datafield><datafield ind1=" " ind2=" " tag="588"><subfield code="a">Description based on: Vol. 1, no. 21 (July 26, 1889).</subfield></datafield><datafield ind1=" " ind2="0" tag="651"><subfield code="a">Lake Odessa (Mich.)</subfield><subfield code="v">Newspapers.</subfield></datafield><datafield ind1=" " ind2="0" tag="651"><subfield code="a">Ionia County (Mich.)</subfield><subfield code="v">Newspapers.</subfield></datafield><datafield ind1=" " ind2="7" tag="655"><subfield code="a">Newspapers.</subfield><subfield code="2">fast</subfield><subfield code="0">(OCoLC)fst01423814</subfield></datafield><datafield ind1=" " ind2="7" tag="651"><subfield code="a">Michigan</subfield><subfield code="z">Ionia County.</subfield><subfield code="2">fast</subfield><subfield code="0">(OCoLC)fst01214778</subfield></datafield><datafield ind1=" " ind2="7" tag="651"><subfield code="a">Michigan</subfield><subfield code="z">Lake Odessa.</subfield><subfield code="2">fast</subfield><subfield code="0">(OCoLC)fst01251968</subfield></datafield><datafield ind1=" " ind2=" " tag="752"><subfield code="a">United States</subfield><subfield code="b">Michigan</subfield><subfield code="c">Ionia</subfield><subfield code="d">Lake Odessa.</subfield></datafield><datafield ind1="1" ind2="7" tag="785"><subfield code="t">Lake Odessa times</subfield><subfield code="w">(DLC)sn 96077149</subfield><subfield code="w">(OCoLC)35731225</subfield></datafield><datafield ind1="1" ind2="7" tag="785"><subfield code="t">Lake Odessa wave-times</subfield><subfield code="w">(DLC)sn 96077150</subfield><subfield code="w">(OCoLC)35721380</subfield></datafield></record>